<?xml version="1.0" encoding="UTF-8"?><collection xmlns="http://www.loc.gov/MARC21/slim"><record><leader>00522nam--2200145-i-4500</leader><controlfield tag="001">000015827</controlfield><controlfield tag="002">20161230</controlfield><controlfield tag="005">20170127214542</controlfield><controlfield tag="008">060222s1000------------r-----000-0-eng-d</controlfield><datafield ind1=" " ind2=" " tag="245"><subfield code="a">Red blood cells as carriers for drugs. A method for disseminating chemotherapeutics, hormones, enzymes and other therapeutic agents via the circulatory system. 30 figures and 21 tables, 1985</subfield></datafield><datafield ind1=" " ind2=" " tag="260"><subfield code="a">Basel</subfield><subfield code="b">Karger</subfield><subfield code="c">1984</subfield></datafield><datafield ind1=" " ind2=" " tag="490"><subfield code="a">Biblioteca Haematologia</subfield></datafield><datafield ind1=" " ind2=" " tag="700"><subfield code="a">Deloach, J. R</subfield></datafield><datafield ind1=" " ind2=" " tag="852"><subfield code="a">73938</subfield></datafield><datafield ind1=" " ind2=" " tag="CAT"><subfield code="a">SYS</subfield><subfield code="c">20170127</subfield><subfield code="h">214542</subfield></datafield></record></collection>